<collection xmlns="http://www.loc.gov/MARC21/slim"><record><leader>00858nam  2200265   450</leader><controlfield tag="001">340</controlfield><controlfield tag="003">http://montalegre.opacnet.com/OPAC/default.aspx?ContentAreaControl=ShowRegHoldings.ascx&amp;RegNo=16662</controlfield><controlfield tag="005">20</controlfield><datafield tag="021" ind1=" " ind2=" "><subfield code="a">PT</subfield><subfield code="b">21799/88</subfield></datafield><datafield tag="095" ind1=" " ind2=" "><subfield code="a">PTBN00123551</subfield></datafield><datafield tag="100" ind1=" " ind2=" "><subfield code="a">19890317d1988    em.y0pora0103    ba</subfield></datafield><datafield tag="101" ind1="1" ind2=" "><subfield code="a">por</subfield><subfield code="c">eng</subfield></datafield><datafield tag="102" ind1=" " ind2=" "><subfield code="a">PT</subfield></datafield><datafield tag="105" ind1=" " ind2=" "><subfield code="a">y   z   000ay</subfield></datafield><datafield tag="106" ind1=" " ind2=" "><subfield code="a">r</subfield></datafield><datafield tag="200" ind1="1" ind2=" "><subfield code="a">&lt;O &gt;jantar do senador</subfield><subfield code="f">Howard Fast</subfield><subfield code="g">trad. Mafalda Ferrari</subfield></datafield><datafield tag="210" ind1=" " ind2=" "><subfield code="a">Mem Martins</subfield><subfield code="c">Europa-América</subfield><subfield code="d">D.L. 1988</subfield></datafield><datafield tag="215" ind1=" " ind2=" "><subfield code="a">176, [4] p.</subfield><subfield code="d">21 cm</subfield></datafield><datafield tag="225" ind1="2" ind2=" "><subfield code="a">Século XX</subfield><subfield code="v">296</subfield></datafield><datafield tag="304" ind1=" " ind2=" "><subfield code="a">Tit. orig.: The dinner party</subfield></datafield><datafield tag="675" ind1=" " ind2=" "><subfield code="a">820(73)-31 Fast, Howard</subfield><subfield code="v">BN</subfield><subfield code="z">por</subfield><subfield code="3">302109</subfield></datafield><datafield tag="700" ind1=" " ind2="1"><subfield code="a">Fast</subfield><subfield code="b">Howard</subfield><subfield code="f">1914</subfield><subfield code="3">26524</subfield></datafield><datafield tag="702" ind1=" " ind2="1"><subfield code="a">Ferrari</subfield><subfield code="b">Mafalda</subfield><subfield code="4">730</subfield><subfield code="3">28421</subfield></datafield><datafield tag="801" ind1=" " ind2="0"><subfield code="a">PT</subfield><subfield code="b">Biblioteca Municipal de Montalegre</subfield><subfield code="g">RPC</subfield></datafield><datafield tag="856" ind1=" " ind2=" "><subfield code="u">locateMedia.asp?cod=20060511155113&amp;ext=jpg</subfield><subfield code="z">CAPA</subfield></datafield><datafield tag="909" ind1="&#9;" ind2=" "><subfield code="a">1</subfield></datafield><datafield tag="966" ind1=" " ind2=" "><subfield code="a">0008541</subfield><subfield code="l">BMM</subfield><subfield code="s">SCG 821 FAS jan 296</subfield></datafield></record></collection>